<record><leader>00000cas a2200000 i 4500</leader><controlfield tag="001">908147007</controlfield><controlfield tag="006">m     o  d        </controlfield><controlfield tag="007">cr |||||||||||</controlfield><controlfield tag="008">150429c19139999mtuwr neo     0   a0eng  </controlfield><datafield ind1=" " ind2=" " tag="010"><subfield code="a">  2015218693</subfield></datafield><datafield ind1=" " ind2=" " tag="040"><subfield code="a">DLC</subfield><subfield code="b">eng</subfield><subfield code="e">rda</subfield><subfield code="c">DLC</subfield><subfield code="d">DLC</subfield></datafield><datafield ind1="0" ind2=" " tag="022"><subfield code="a">2378-8313</subfield><subfield code="2">1</subfield></datafield><datafield ind1=" " ind2=" " tag="042"><subfield code="a">pcc</subfield><subfield code="a">nsdp</subfield></datafield><datafield ind1=" " ind2=" " tag="043"><subfield code="a">n-us-mt</subfield></datafield><datafield ind1="1" ind2="0" tag="050"><subfield code="a">ISSN RECORD</subfield></datafield><datafield ind1="0" ind2="0" tag="082"><subfield code="a">071</subfield><subfield code="2">23</subfield></datafield><datafield ind1="0" ind2=" " tag="130"><subfield code="a">Glasgow courier (Glasgow, Mont.)</subfield></datafield><datafield ind1=" " ind2="4" tag="222"><subfield code="a">The Glasgow courier</subfield><subfield code="b">(Glasgow, Mont. Online)</subfield></datafield><datafield ind1="1" ind2="4" tag="245"><subfield code="a">The Glasgow courier.</subfield></datafield><datafield ind1="3" ind2="0" tag="246"><subfield code="a">Glasgow courier and Valley County news</subfield></datafield><datafield ind1="1" ind2="7" tag="246"><subfield code="a">Glasgow-Fort Peck courier</subfield></datafield><datafield ind1=" " ind2="1" tag="264"><subfield code="a">Glasgow, Valley County, Montana :</subfield><subfield code="b">[publisher not identified]</subfield></datafield><datafield ind1=" " ind2=" " tag="300"><subfield code="a">1 online resource</subfield></datafield><datafield ind1=" " ind2=" " tag="310"><subfield code="a">Weekly,</subfield><subfield code="b">Jan. 5, 1967-</subfield></datafield><datafield ind1=" " ind2=" " tag="321"><subfield code="a">Weekly,</subfield><subfield code="b">Aug. 8, 1913-Sept. 21, 1934</subfield></datafield><datafield ind1=" " ind2=" " tag="321"><subfield code="a">Semiweekly,</subfield><subfield code="b">Sept. 28, 1934-Dec. 23, 1937</subfield></datafield><datafield ind1=" " ind2=" " tag="321"><subfield code="a">Weekly,</subfield><subfield code="b">Dec. 30, 1937-Oct. 8, 1959</subfield></datafield><datafield ind1=" " ind2=" " tag="321"><subfield code="a">Semiweekly,</subfield><subfield code="b">Oct. 13, 1959-Dec. 1966</subfield></datafield><datafield ind1=" " ind2=" " tag="336"><subfield code="a">text</subfield><subfield code="b">txt</subfield><subfield code="2">rdacontent</subfield></datafield><datafield ind1=" " ind2=" " tag="337"><subfield code="a">computer</subfield><subfield code="b">c</subfield><subfield code="2">rdamedia</subfield></datafield><datafield ind1=" " ind2=" " tag="338"><subfield code="a">online resource</subfield><subfield code="b">cr</subfield><subfield code="2">rdacarrier</subfield></datafield><datafield ind1="0" ind2=" " tag="362"><subfield code="a">Began August 8, 1913.</subfield></datafield><datafield ind1=" " ind2=" " tag="500"><subfield code="a">Golden anniversary Fort Peck Progress ed. published on Nov. 30, 1937; Fortieth anniversary: Montana on threshold of new day in 1913 published on Aug. 6, 1953.</subfield></datafield><datafield ind1=" " ind2=" " tag="525"><subfield code="a">Supplement with title: The Forum, accompanies some numbers Dec. 1972-1976.</subfield></datafield><datafield ind1=" " ind2=" " tag="588"><subfield code="a">Description based on: Volume XI, number 34 (January 1, 1915); title from masthead (Chroniclingamerica.loc.gov, viewed April 29, 2015).</subfield></datafield><datafield ind1=" " ind2=" " tag="588"><subfield code="a">Latest issue consulted: Volume XVIII, number 36 (December 29, 1922) (Chroniclingamerica.loc.gov, viewed April 29, 2015).</subfield></datafield><datafield ind1=" " ind2="0" tag="651"><subfield code="a">Glasgow (Mont.)</subfield><subfield code="v">Newspapers.</subfield></datafield><datafield ind1=" " ind2="7" tag="651"><subfield code="a">Montana</subfield><subfield code="z">Glasgow.</subfield><subfield code="2">fast</subfield><subfield code="0">(OCoLC)fst01220468</subfield></datafield><datafield ind1=" " ind2="7" tag="655"><subfield code="a">Newspapers.</subfield><subfield code="2">fast</subfield><subfield code="0">(OCoLC)fst01423814</subfield></datafield><datafield ind1=" " ind2=" " tag="752"><subfield code="a">United States</subfield><subfield code="b">Montana</subfield><subfield code="c">Valley</subfield><subfield code="d">Glasgow.</subfield></datafield><datafield ind1="0" ind2="8" tag="776"><subfield code="i">Originally issued in print:</subfield><subfield code="t">Glasgow courier (Glasgow, Mont.)</subfield><subfield code="x">2378-8305</subfield><subfield code="w">(DLC)sn 85042379</subfield><subfield code="w">(OCoLC)12317058</subfield></datafield><datafield ind1="0" ind2="0" tag="780"><subfield code="t">Valley County independent</subfield></datafield><datafield ind1="0" ind2="5" tag="780"><subfield code="t">Glasgow times</subfield><subfield code="g">Feb. 5, 1942</subfield></datafield><datafield ind1="0" ind2="5" tag="780"><subfield code="t">Glasgow messenger</subfield><subfield code="g">Feb. 5, 1942</subfield></datafield><datafield ind1="0" ind2="5" tag="780"><subfield code="t">Valley County news (Glasgow, Mont. : 1904)</subfield><subfield code="g">Feb. 29, 1924</subfield></datafield><datafield ind1="0" ind2="5" tag="780"><subfield code="t">Opheim observer</subfield><subfield code="g">Nov. 1931</subfield></datafield><datafield ind1="4" ind2="0" tag="856"><subfield code="u">http://www.loc.gov/chroniclingamerica/lccn/sn85042379/issues</subfield></datafield></record>